@misc{Lab-statement,
	author = {Jo√£o Goes and Hugo Serra},
	title = { Design, optimization and simulation of Recycling Folded-Cascode (RFC) operational
	         transconductance amplifier (OTA) in 65 nm Bulk CMOS},
	institution = {Department of Electrical and Computer Engineering, Nova School of Science and Technology, NOVA University of Lisbon},
	year = {2024}
}

@article{artigo-prof,
	author = {Assaad, Rida S. and Silva-Martinez, Jose},
	journal = {IEEE Journal of Solid-State Circuits},
	title = {The Recycling Folded Cascode: A General Enhancement of the Folded Cascode Amplifier},
	year = {2009},
	volume = {44},
	number = {9},
	pages = {2535-2542},
	keywords = {Recycling;Transconductance;Operational amplifiers;CMOS process;Power amplifiers;CMOS analog integrated circuits;CMOS technology;Driver circuits;Mirrors;Bandwidth;Amplifiers;CMOS analog integrated circuits;fast operational amplifiers;low-power low-voltage integrated circuits;operational amplifiers;operational transconductance amplifiers},
	doi = {10.1109/JSSC.2009.2024819}
}
